
@article{teixeira2022,
	title = {River dike grasslands can reconcile biodiversity and different ecosystem services to provide multifunctionality},
	author = {Teixeira, Leonardo H. and Bauer, Markus and Moosner, Michaela and Kollmann, Johannes},
	year = {2022},
	month = {12},
	date = {2022-12},
	journal = {Basic and Applied Ecology},
	doi = {10.1016/j.baae.2022.12.001},
	url = {http://dx.doi.org/10.1016/j.baae.2022.12.001},
	langid = {en}
}

@article{lme4,
	title = {Fitting Linear Mixed-Effects Models Using {\textbraceleft}lme4{\textbraceright}},
	author = {Bates, Douglas and Machler, Martin and Bolker, Ben and Walker, Steve},
	year = {2015},
	date = {2015},
	volume = {67},
	doi = {10.18637/jss.v067.i01}
}

@article{base,
	title = {R: A Language and Environment for Statistical Computing},
	author = {R Core Team, },
	year = {2022},
	date = {2022},
	url = {https://www.R-project.org/}
}

@article{DHARMa,
	title = {DHARMa: Residual Diagnostics for Hierarchical (Multi-Level / Mixed)
Regression Models},
	author = {Hartig, Florian},
	year = {2022},
	date = {2022},
	url = {https://CRAN.R-project.org/package=DHARMa}
}

@article{mucina2016,
	title = {Vegetation of Europe: hierarchical floristic classification system of vascular plant, bryophyte, lichen, and algal communities},
	author = {Mucina, Ladislav and {Bültmann}, Helga and {Dierßen}, Klaus and Theurillat, {Jean{-}Paul} and Raus, Thomas and {{\v{C}}arni}, {Andra{\v{z}}} and {{\v{S}}umberová}, {Kate{\v{r}}ina} and Willner, Wolfgang and Dengler, {Jürgen} and {García}, {Rosario Gavilán} and {Chytrý}, Milan and {Hájek}, Michal and Di Pietro, Romeo and Iakushenko, Dmytro and Pallas, Jens and {Daniëls}, Fred J.A. and Bergmeier, Erwin and Santos Guerra, Arnoldo and Ermakov, Nikolai and {Valachovi{\v{c}}}, Milan and {Schaminée}, Joop H.J. and Lysenko, Tatiana and Didukh, Yakiv P. and Pignatti, Sandro and Rodwell, John S. and Capelo, Jorge and Weber, Heinrich E. and Solomeshch, Ayzik and Dimopoulos, Panayotis and Aguiar, Carlos and Hennekens, Stephan M. and {Tichý}, {Lubomír}},
	editor = {Peet, Robert},
	year = {2016},
	month = {11},
	date = {2016-11},
	journal = {Applied Vegetation Science},
	pages = {3--264},
	volume = {19},
	number = {S1},
	doi = {10.1111/avsc.12257},
	url = {http://dx.doi.org/10.1111/avsc.12257},
	langid = {en}
}

@article{Mucina.2016,
	title = {Vegetation of Europe: hierarchical floristic classification system of vascular plant, bryophyte, lichen, and algal communities},
	author = {Mucina, Ladislav and {Bültmann}, Helga and {Dierßen}, Klaus and Theurillat, {Jean{-}Paul} and Raus, Thomas and {{\v{C}}arni}, {Andra{\v{z}}} and {{\v{S}}umberová}, {Kate{\v{r}}ina} and Willner, Wolfgang and Dengler, {Jürgen} and {García}, {Rosario Gavilán} and {Chytrý}, Milan and {Hájek}, Michal and Di Pietro, Romeo and Iakushenko, Dmytro and Pallas, Jens and {Daniëls}, Fred J.A. and Bergmeier, Erwin and Santos Guerra, Arnoldo and Ermakov, Nikolai and {Valachovi{\v{c}}}, Milan and {Schaminée}, Joop H. J. and Lysenko, Tatiana and Didukh, Yakiv P. and Pignatti, Sandro and Rodwell, John S. and Capelo, Jorge and Weber, Heinrich E. and Solomeshch, Ayzik and Dimopoulos, Panayotis and Aguiar, Carlos and Hennekens, Stephan M. and {Tichý}, {Lubomír}},
	year = {2016},
	date = {2016},
	journal = {Applied Vegetation Science},
	pages = {3{\textendash}264},
	volume = {19},
	doi = {10.1111/avsc.12257},
	note = {Citation Key: Mucina.2016}
}

@article{dwd2021,
	title = {Langjähriges mittel der wetterstation metten 1981-2010},
	author = {Deutscher Wetterdienst, },
	year = {2021},
	date = {2021},
	url = {www.dwd.de},
	note = {Citation Key: DeutscherWetterdienst.2021}
}

@article{cdc2022temp,
	title = {Annual station observations of air temperature at 2 m above ground in °C for Germany. Version v21.3: Station Metten},
	author = {Climate Data Center of the German Meteorological Service, },
	year = {2022},
	date = {2022},
	url = {https://cdc.dwd.de/portal/},
	note = {Citation Key: ClimateDataCenteroftheGermanMeteorologicalService.2022}
}

@article{cdc2022prec,
	title = {Annual station observations of precipitation in mm for Germany. Version v21.3: Station Metten},
	author = {Climate Data Center of the German Meteorological Service, },
	year = {2022},
	date = {2022},
	url = {https://cdc.dwd.de/portal/},
	note = {Citation Key: ClimateDataCenteroftheGermanMeteorologicalService.2022b}
}

@article{lfu2021waterlevel,
	title = {Discharge pfelling / donau},
	author = {{Bayerisches Landesamt für Umwelt}, },
	year = {2021},
	date = {2021},
	url = {https://www.gkd.bayern.de/en/rivers/discharge/passau/pfelling-10078000/total-period},
	note = {Citation Key: BayerischesLandesamtfurUmwelt.2021}
}

@article{lfu2021discharge,
	title = {Discharge pfelling / donau},
	author = {{Bayerisches Landesamt für Umwelt}, },
	year = {2021},
	date = {2021},
	url = {https://www.gkd.bayern.de/en/rivers/discharge/passau/pfelling-10078000/total-period},
	note = {Citation Key: BayerischesLandesamtfurUmwelt.2021}
}

@article{chung2013,
	title = {A Nondegenerate Penalized Likelihood Estimator for Variance Parameters in Multilevel Models},
	author = {Chung, Yeojin and Rabe-Hesketh, Sophia and Dorie, Vincent and Gelman, Andrew and Liu, Jingchen},
	year = {2013},
	month = {03},
	date = {2013-03-12},
	journal = {Psychometrika},
	pages = {685--709},
	volume = {78},
	number = {4},
	doi = {10.1007/s11336-013-9328-2},
	url = {http://dx.doi.org/10.1007/s11336-013-9328-2},
	langid = {en}
}

@book{BraunBlanquet.1964,
	title = {Pflanzensoziologie: Grundzüge der vegetationskunde},
	author = {Braun-Blanquet, Josias},
	year = {1964},
	date = {1964},
	publisher = {Springer},
	edition = {3},
	doi = {10.1007/978-3-7091-8110-2},
	note = {Citation Key: BraunBlanquet.1964
DOI: 10.1007/978-3-7091-8110-2
tex.originalyear: 1928},
	address = {Wien and New York}
}

@article{brms,
	title = {{\textbraceleft}brms{\textbraceright}: An {\textbraceleft}R{\textbraceright} Package for {\textbraceleft}Bayesian{\textbraceright} Multilevel Models Using {\textbraceleft}Stan{\textbraceright}},
	author = {{Bürkner}, Paul-Christian},
	year = {2017},
	date = {2017},
	volume = {80},
	doi = {10.18637/jss.v080.i01}
}

@article{bayesplot,
	title = {bayesplot: Plotting for Bayesian Models},
	author = {Gabry, Jonah and Mahr, Tristan},
	year = {2022},
	date = {2022},
	url = {https://mc-stan.org/bayesplot/}
}

@article{vegan,
	title = {vegan: Community Ecology Package},
	author = {Oksanen, Jari and Simpson, Gavin L. and Blanchet, F. Guillaume and Kindt, Roeland and Legendre, Pierre and Minchin, Peter R. and {O'Hara}, R.B. and Solymos, Peter and Stevens, M. Henry H. and Szoecs, Eduard and Wagner, Helene and Barbour, Matt and Bedward, Michael and Bolker, Ben and Borcard, Daniel and Carvalho, Gustavo and Chirico, Michael and De Caceres, Miquel and Durand, Sebastien and Evangelista, Heloisa Beatriz Antoniazi and FitzJohn, Rich and Friendly, Michael and Furneaux, Brendan and Hannigan, Geoffrey and Hill, Mark O. and Lahti, Leo and McGlinn, Dan and Ouellette, Marie-Helene and Ribeiro Cunha, Eduardo and Smith, Tyler and Stier, Adrian and Ter Braak, Cajo J.F. and Weedon, James},
	year = {2022},
	date = {2022},
	url = {https://CRAN.R-project.org/package=vegan}
}

@article{londo1976,
	title = {The decimal scale for releves of permanent quadrats},
	author = {Londo, G.},
	year = {1976},
	month = {12},
	date = {1976-12},
	journal = {Vegetatio},
	pages = {61--64},
	volume = {33},
	number = {1},
	doi = {10.1007/BF00055300},
	url = {http://link.springer.com/10.1007/BF00055300},
	langid = {en}
}

@article{lemoine2022,
	title = {Nativeness is not binary{\textemdash}a graduated terminology for native and non{-}native species in the Anthropocene},
	author = {Lemoine, Rhys T. and Svenning, {Jens{-}Christian}},
	year = {2022},
	month = {03},
	date = {2022-03-03},
	journal = {Restoration Ecology},
	doi = {10.1111/rec.13636},
	url = {https://onlinelibrary.wiley.com/doi/10.1111/rec.13636},
	langid = {en}
}

@article{kruschke2021,
	title = {Bayesian analysis reporting guidelines},
	author = {Kruschke, John K.},
	year = {2021},
	date = {2021},
	journal = {Nature Human Behaviour},
	pages = {1282{\textendash}1291},
	volume = {5},
	doi = {10.1038/s41562-021-01177-7},
	note = {Citation Key: Kruschke.2021}
}

@article{gabry2019,
	title = {Visualization in bayesian workflow},
	author = {Gabry, Jonah and Simpson, Daniel and Vehtari, Aki and Betancourt, Michael and Gelman, Andrew},
	year = {2019},
	date = {2019},
	journal = {Journal of the Royal Statistical Society: Series A (Statistics in Society)},
	pages = {389{\textendash}402},
	volume = {182},
	doi = {10.1111/rssa.12378},
	note = {Citation Key: Gabry.2019}
}

@article{gelman2019,
	title = {R-squared for Bayesian Regression Models},
	author = {Gelman, Andrew and Goodrich, Ben and Gabry, Jonah and Vehtari, Aki},
	year = {2019},
	month = {05},
	date = {2019-05-13},
	journal = {The American Statistician},
	pages = {307--309},
	volume = {73},
	number = {3},
	doi = {10.1080/00031305.2018.1549100},
	url = {http://dx.doi.org/10.1080/00031305.2018.1549100},
	langid = {en}
}

@article{lemoine2019,
	title = {Moving beyond noninformative priors: why and how to choose weakly informative priors in Bayesian analyses},
	author = {Lemoine, Nathan P.},
	year = {2019},
	date = {2019},
	journal = {Oikos (Copenhagen, Denmark)},
	pages = {912{\textendash}928},
	volume = {128},
	doi = {10.1111/oik.05985},
	note = {Citation Key: Lemoine.2019}
}

@article{hari2020,
	title = {Increased future occurrences of the exceptional 2018{\textendash}2019 Central European drought under global warming},
	author = {Hari, Vittal and Rakovec, Oldrich and Markonis, Yannis and Hanel, Martin and Kumar, Rohini},
	year = {2020},
	month = {08},
	date = {2020-08-06},
	journal = {Scientific Reports},
	volume = {10},
	number = {1},
	doi = {10.1038/s41598-020-68872-9},
	url = {http://dx.doi.org/10.1038/s41598-020-68872-9},
	langid = {en}
}

@article{Sabatini.2021,
	title = {sPlotOpen {\textendash} An environmentally balanced, open{-}access, global dataset of vegetation plots},
	author = {Sabatini, Francesco Maria and Lenoir, Jonathan and Hattab, Tarek and Arnst, Elise Aimee and {Chytrý}, Milan and Dengler, {Jürgen} and de Ruffray, Patrice and Hennekens, Stephan M. and Jandt, Ute and Jansen, Florian and {Jiménez{-}Alfaro}, Borja and Kattge, Jens and Levesley, Aurora and Pillar, {Valério D.} and Purschke, Oliver and Sandel, Brody and Sultana, Fahmida and Aavik, Tsipe and {A{\'{c}}i{\'{c}}}, Svetlana and Acosta, Alicia T. R. and Agrillo, Emiliano and Alvarez, Miguel and Apostolova, Iva and Arfin Khan, Mohammed A. S. and Arroyo, Luzmila and Attorre, Fabio and Aubin, Isabelle and Banerjee, Arindam and Bauters, Marijn and Bergeron, Yves and Bergmeier, Erwin and Biurrun, Idoia and Bjorkman, Anne D. and Bonari, Gianmaria and Bondareva, Viktoria and Brunet, {Jörg} and {{\v{C}}arni}, {Andra{\v{z}}} and Casella, Laura and Cayuela, Luis and {{\v{C}}erný}, {Tomá{\v{s}}} and Chepinoga, Victor and Csiky, {János} and {{\'{C}}u{\v{s}}terevska}, Renata and de Bie, Els and Gasper, {André Luis} and de Sanctis, Michele and Dimopoulos, Panayotis and {Dole{\v{z}}al}, {Ji{\v{r}}í} and Dziuba, Tetiana and {El{-}Sheikh}, {Mohamed Abd El{-}Rouf Mousa} and Enquist, Brian J. and Ewald, {Jörg} and Fazayeli, Farideh and Field, Richard and Finckh, Manfred and Gachet, Sophie and {Galán{-}de{-}Mera}, Antonio and Garbolino, Emmanuel and Gholizadeh, Hamid and Giorgis, Melisa and Golub, Valentin and Alsos, Inger Greve and Grytnes, {John{-}Arvid} and Guerin, Gregory Richard and {Gutiérrez}, Alvaro G. and Haider, Sylvia and Hatim, Mohamed Z. and {Hérault}, Bruno and Hinojos Mendoza, Guillermo and {Hölzel}, Norbert and Homeier, {Jürgen} and Hubau, Wannes and Indreica, Adrian and Janssen, John A. M. and Jedrzejek, Birgit and Jentsch, Anke and {Jürgens}, Norbert and {K{\k{a}}cki}, Zygmunt and Kapfer, Jutta and Karger, Dirk Nikolaus and {Kavgac{\i}}, Ali and Kearsley, Elizabeth and Kessler, Michael and Khanina, Larisa and Killeen, Timothy and Korolyuk, Andrey Y. and Kreft, Holger and {Kühl}, Hjalmar S. and Kuzemko, Anna and Landucci, Flavia and Lengyel, Attila and Lens, Frederic and Lingner, {Débora Vanessa} and Liu, Hongyan and Lysenko, Tatiana and Mahecha, Miguel D. and {Marcenò}, Corrado and Martynenko, Vasiliy and Moeslund, Jesper Erenskjold and Monteagudo Mendoza, Abel and Mucina, Ladislav and {Müller}, Jonas V. and Munzinger, {Jérôme} and Naqinezhad, Alireza and Noroozi, Jalil and Nowak, Arkadiusz and Onyshchenko, Viktor and Overbeck, Gerhard E. and {Pärtel}, Meelis and Pauchard, {Aníbal} and Peet, Robert K. and {Peñuelas}, Josep and {Pérez{-}Haase}, Aaron and Peterka, {Tomá{\v{s}}} and {Pet{\v{r}}ík}, Petr and Peyre, Gwendolyn and Phillips, Oliver L. and Prokhorov, Vadim and {Ra{\v{s}}omavi{\v{c}}ius}, Valerijus and Revermann, Rasmus and {Rivas{-}Torres}, Gonzalo and Rodwell, John S. and Ruprecht, Eszter and {R{\={u}}si{\c{n}}a}, Solvita and Samimi, Cyrus and Schmidt, Marco and Schrodt, Franziska and Shan, Hanhuai and Shirokikh, Pavel and {{\v{S}}ibík}, Jozef and {{\v{S}}ilc}, Urban and {Sklená{\v{r}}}, Petr and {{\v{S}}kvorc}, {{\v{Z}}eljko} and Sparrow, Ben and Sperandii, Marta Gaia and {Stan{\v{c}}i{\'{c}}}, Zvjezdana and Svenning, {Jens{-}Christian} and Tang, Zhiyao and Tang, Cindy Q. and Tsiripidis, Ioannis and Vanselow, {Kim André} and {Vásquez Martínez}, Rodolfo and Vassilev, Kiril and {Vélez{-}Martin}, Eduardo and Venanzoni, Roberto and Vibrans, Alexander Christian and Violle, Cyrille and Virtanen, Risto and Wehrden, Henrik and Wagner, Viktoria and Walker, Donald A. and Waller, Donald M. and Wang, {Hua{-}Feng} and Wesche, Karsten and Whitfeld, Timothy J. S. and Willner, Wolfgang and Wiser, Susan K. and Wohlgemuth, Thomas and Yamalov, Sergey and Zobel, Martin and Bruelheide, Helge and Bates, Amanda},
	year = {2021},
	date = {2021},
	journal = {Global Ecology and Biogeography},
	pages = {1740{\textendash}1764},
	volume = {30},
	doi = {10.1111/geb.13346},
	note = {Citation Key: Sabatini.2021}
}

@misc{bauer2023,
	title = {Beta diversity of restored river dike grasslands is strongly influenced by uncontrolled spatio-temporal variability},
	author = {Bauer, Markus and Huber, Jakob and Kollmann, Johannes},
	year = {2023},
	month = {01},
	date = {2023-01-19},
	url = {http://dx.doi.org/10.32942/X2959J}
}

@article{Chytry.2020,
	title = {EUNIS Habitat Classification: Expert system, characteristic species combinations and distribution maps of European habitats},
	author = {{Chytrý}, Milan and {Tichý}, {Lubomír} and Hennekens, Stephan M. and {Knollová}, Ilona and Janssen, John A. M. and Rodwell, John S. and Peterka, {Tomá{\v{s}}} and {Marcenò}, Corrado and Landucci, Flavia and Danihelka, {Ji{\v{r}}í} and {Hájek}, Michal and Dengler, {Jürgen} and {Novák}, Pavel and Zukal, Dominik and {Jiménez{-}Alfaro}, Borja and Mucina, Ladislav and Abdulhak, Sylvain and {A{\'{c}}i{\'{c}}}, Svetlana and Agrillo, Emiliano and Attorre, Fabio and Bergmeier, Erwin and Biurrun, Idoia and Boch, Steffen and {Bölöni}, {János} and Bonari, Gianmaria and Braslavskaya, Tatiana and Bruelheide, Helge and Campos, Juan Antonio and {{\v{C}}arni}, {Andra{\v{z}}} and Casella, Laura and {{\'{C}}uk}, Mirjana and {{\'{C}}u{\v{s}}terevska}, Renata and de Bie, Els and Delbosc, Pauline and Demina, Olga and Didukh, Yakiv P. and {Dít{\v{e}}}, Daniel and Dziuba, Tetiana and Ewald, {Jörg} and {Gavilán}, Rosario G. and {Gégout}, {Jean{-}Claude} and Del Giusso Galdo, Gian Pietro and Golub, Valentin and Goncharova, Nadezhda and Goral, Friedemann and Graf, Ulrich and Indreica, Adrian and Isermann, Maike and Jandt, Ute and Jansen, Florian and Jansen, Jan and {Ja{\v{s}}ková}, Anni and {Jirou{\v{s}}ek}, Martin and {K{\k{a}}cki}, Zygmunt and {Kalníková}, Veronika and {Kavgac{\i}}, Ali and Khanina, Larisa and Yu. Korolyuk, Andrey and Kozhevnikova, Mariya and Kuzemko, Anna and {Küzmi{\v{c}}}, Filip and Kuznetsov, Oleg L. and {Laivi{\c{n}}{\v{s}}}, {M{\={a}}ris} and Lavrinenko, Igor and Lavrinenko, Olga and Lebedeva, Maria and {Lososová}, {Zde{\v{n}}ka} and Lysenko, Tatiana and Maciejewski, Lise and Mardari, Constantin and {Marin{\v{s}}ek}, Aleksander and Napreenko, Maxim G. and Onyshchenko, Viktor and {Pérez{-}Haase}, Aaron and Pielech, Remigiusz and Prokhorov, Vadim and {Ra{\v{s}}omavi{\v{c}}ius}, Valerijus and {Rodríguez{-}Rojo}, {María Pilar} and {R{\={u}}si{\c{n}}a}, Solvita and Schrautzer, Joachim and {{\v{S}}ibík}, Jozef and {{\v{S}}ilc}, Urban and {{\v{S}}kvorc}, {{\v{Z}}eljko} and Smagin, Viktor A. and {Stan{\v{c}}i{\'{c}}}, Zvjezdana and Stanisci, Angela and Tikhonova, Elena and Tonteri, Tiina and Uogintas, Domas and {Valachovi{\v{c}}}, Milan and Vassilev, Kiril and Vynokurov, Denys and Willner, Wolfgang and Yamalov, Sergey and Evans, Douglas and Palitzsch Lund, Mette and Spyropoulou, Rania and Tryfon, Eleni and {Schaminée}, Joop H. J.},
	year = {2020},
	date = {2020},
	journal = {Applied Vegetation Science},
	pages = {648{\textendash}675},
	volume = {23},
	doi = {10.1111/avsc.12519},
	note = {Citation Key: Chytry.2020}
}

@book{BodenkundlKartieranl.2005,
	title = {Bodenkundliche kartieranleitung},
	editor = {{Bundesanstalt für Geowissenschaften und Rohstoffe}, },
	year = {2005},
	date = {2005},
	publisher = {Schweizerbart},
	edition = {5},
	note = {Citation Key: BundesanstaltfurGeowissenschaftenundRohstoffe.2005},
	address = {Stuttgart}
}

@article{WorldFloraOnline.2021,
	title = {World flora online: Published on the internet},
	author = {World Flora Online, },
	year = {2021},
	date = {2021},
	url = {www.worldfloraonline.org/},
	note = {Citation Key: WorldFloraOnline.2021}
}
